@inproceedings{Guo:2013:OPT:2445196.2445368,
 author = {Guo, Philip J.},
 title = {Online Python Tutor: Embeddable Web-based Program Visualization for Cs Education},
 booktitle = {Proceeding of the 44th ACM Technical Symposium on Computer Science Education},
 series = {SIGCSE '13},
 year = {2013},
 isbn = {978-1-4503-1868-6},
 location = {Denver, Colorado, USA},
 pages = {579--584},
 numpages = {6},
 url = {http://doi.acm.org/10.1145/2445196.2445368},
 doi = {10.1145/2445196.2445368},
 acmid = {2445368},
 publisher = {ACM},
 address = {New York, NY, USA},
 keywords = {CS1, program visualization, python},
} 

@Misc{pythontutor,
  Author = "Guo, Philip J.",
  Title  = "\emph{Online Python Tutor}",
  Note   = "\url{http://www.pythontutor.com/},
           [Accessed: 11-04-2016]",
}

@book{algbog,
  title={Introduction to algorithms},
  author={Cormen, Thomas H},
  year={2009},
  publisher={MIT press}
}

@book{mogensen2011introduction,
  title={Introduction to Compiler Design},
  author={Mogensen, Torben {\AE}gidius},
  year={2011},
  publisher={Springer Science \& Business Media},
  }
  
@inproceedings{foutsitzis2010teaching,
  title={Teaching Algorithms with the Use of a Web-Based Scripted Collaboration Environment and Algorithm Visualization Tool: Results from a Case Study},
  author={Foutsitzis, Christos G and Demetriadis, Stavros N},
  booktitle={Intelligent Networking and Collaborative Systems (INCOS), 2010 2nd International Conference on},
  pages={116--123},
  year={2010},
  organization={IEEE}
}

@inproceedings{foutsitzis2010teaching,
  title={Teaching Algorithms with the Use of a Web-Based Scripted Collaboration Environment and Algorithm Visualization Tool: Results from a Case Study},
  author={Foutsitzis, Christos G and Demetriadis, Stavros N},
  booktitle={Intelligent Networking and Collaborative Systems (INCOS), 2010 2nd International Conference on},
  pages={116--123},
  year={2010},
  organization={IEEE}
}
}
